@book{abramowitz1964handbook,
  title={Handbook of mathematical functions: with formulas, graphs, and mathematical tables},
  author={Abramowitz, Milton and Stegun, Irene A},
  volume={55},
  year={1964},
  publisher={Courier Corporation}
}

@article{spherQUAD,
title = {Spherical quadrature formulas with equally spaced nodes on latitudinal circles},
journal = {ETNA},
author = {Daniela,Roşca},
volume = {35},
pages = {148-163},
year = {2009}
}

@article{baker1999integration,
  title={Integration of radial functions},
  author={Baker, John A},
  journal={Mathematics Magazine},
  volume={72},
  number={5},
  pages={392--395},
  year={1999},
  publisher={JSTOR}
}

@book{MR1681462,
    AUTHOR = {Folland, Gerald B.},
     TITLE = {Real analysis},
    SERIES = {Pure and Applied Mathematics (New York)},
   EDITION = {Second},
      NOTE = {Modern techniques and their applications,
              A Wiley-Interscience Publication},
 PUBLISHER = {John Wiley \& Sons, Inc., New York},
      YEAR = {1999},
     PAGES = {xvi+386},
      ISBN = {0-471-31716-0},
   MRCLASS = {00A05 (26-01 28-01 46-01)},
  MRNUMBER = {1681462 (2000c:00001)},
}

@article{allaire2005analyse,
  title={Analyse num{\'e}rique et optimisation: Une introduction à la mod{\'e}lisation math{\'e}matique eta la simulation num{\'e}rique},
  author={Allaire, G},
  journal={Math{\'e}matiques appliqu{\'e}es. Ecole polytechnique, Palaiseau},
  year={2005}
}

@article{abramowitz1966handbook,
  title={Handbook of mathematical functions},
  author={Abramowitz, Milton and Stegun, Irene A and others},
  journal={Applied mathematics series},
  volume={55},
  pages={62},
  year={1966}
}

@book{milman2009asymptotic,
  title={Asymptotic Theory of Finite Dimensional Normed Spaces: Isoperimetric Inequalities in Riemannian Manifolds},
  author={Milman, Vitali D and Schechtman, Gideon},
  volume={1200},
  year={2009},
  publisher={Springer}
}

@misc{WinNT,
  title = {Fonctions de BEssel},
  howpublished = {\url{https://webusers.imj-prg.fr/~bernard.maurey/agreg/Textes/ag034_a2.pdf}}
  note = {Accessed: 2016-05-13}
  author = {Bernard Maurey}
}

@book{olver2010nist,
  title={NIST handbook of mathematical functions},
  author={Olver, Frank WJ},
  year={2010},
  publisher={Cambridge University Press}
}

@article{de2014elementary,
  title={Elementary proofs of embedding theorems for potential spaces of radial functions},
  author={De Napoli, Pablo L and Drelichman, Irene},
  journal={Preprint},
  year={2014}
}

@article{gray1992computer,
  title={Computer Graphics and a New Gibbs Phenomenon for Fourier—Bessel Series},
  author={Gray, Alfred and Pinsky, Mark A},
  journal={Experimental Mathematics},
  volume={1},
  number={4},
  pages={313--316},
  year={1992},
  publisher={Taylor \& Francis}
}

@Article{SphericalAverage,
author="Baxter, B. J. C.",
title="On Spherical Averages of Radial Basis Functions",
journal="Foundations of Computational Mathematics",
year="2008",
volume="8",
number="3",
pages="395--407",
issn="1615-3383",
doi="10.1007/s10208-007-9021-x",
url="http://dx.doi.org/10.1007/s10208-007-9021-x"
}

@book{watson1995treatise,
  title={A treatise on the theory of Bessel functions},
  author={Watson, George Neville},
  year={1995},
  publisher={Cambridge university press}
}

@Article{Alouges2015,
author="Alouges, Fran{\c{c}}ois
and Aussal, Matthieu",
title="The sparse cardinal sine decomposition and its application for fast numerical convolution",
journal="Numerical Algorithms",
year="2015",
volume="70",
number="2",
pages="427--448",
issn="1572-9265",
doi="10.1007/s11075-014-9953-6",
url="http://dx.doi.org/10.1007/s11075-014-9953-6"
}

@article{NuFFT,
 author = {Dutt, A. and Rokhlin, V.},
 title = {Fast Fourier Transforms for Nonequispaced Data},
 journal = {SIAM J. Sci. Comput.},
 issue_date = {Nov. 1993},
 volume = {14},
 number = {6},
 month = nov,
 year = {1993},
 issn = {1064-8275},
 pages = {1368--1393},
 numpages = {26},
 url = {http://dx.doi.org/10.1137/0914081},
 doi = {10.1137/0914081},
 acmid = {163235},
 publisher = {Society for Industrial and Applied Mathematics},
 address = {Philadelphia, PA, USA},
 keywords = {Fourier analysis, approximation theory, fast Fourier transform, interpolation, trigonometric series},
} 

@incollection{de2016elementary,
  title={Elementary proofs of embedding theorems for potential spaces of radial functions},
  author={De N{\'a}poli, Pablo L and Drelichman, Irene},
  booktitle={Methods of Fourier Analysis and Approximation Theory},
  pages={115--138},
  year={2016},
  publisher={Springer}
}

@ARTICLE{Ni,
    author = "Wei-Ming Ni",
     title = "A Nonlinear Dirichlet Problem on the Unit Ball and Its Applications",
   journal = "Indiana Univ. Math. J.",
  fjournal = "Indiana University Mathematics Journal",
    volume = 31,
      year = 1982,
     issue = 6,
     pages = "801--807",
      issn = "0022-2518",
     coden = "IUMJAB",
   mrclass = "",
}

@article{stempak2002convergence,
  title={On convergence and divergence of Fourier--Bessel series},
  author={Stempak, Krzysztof},
  journal={Electronic Transactions on Numerical Analysis},
  volume={14},
  pages={223--235},
  year={2002},
  publisher={Institute of Computational Mathematics}
}

@article{guadalupe1993mean,
  title={Mean and weak convergence of Fourier-Bessel series},
  author={Guadalupe, JJ and P{\'e}rez, M and Ruiz, FJ and Varona, JL},
  journal={Journal of mathematical analysis and applications},
  volume={173},
  number={2},
  pages={370--389},
  year={1993},
  publisher={Elsevier}
}

@Article{Balodis1999,
author="Balodis, P.
and C{\'o}rdoba, A.",
title="The convergence of multidimensional fourier-bessel series",
journal="Journal d'Analyse Math{\'e}matique",
year="1999",
volume="77",
number="1",
pages="269--286",
abstract="We study the convergence of series of eigenfunctions of the Laplacian in the unit ballB                d. The problem is posed in the spacesL                                  rad                  p                (L                  ang                  2                ). A convergence result is obtained in the sharp range2d/(d + 1) <p <2d/(d-1). There is a close connection with the spherical summation of classical trigonometric expansions. The proofs involve weighted inequalities for singular integrals, as well as a precise decomposition of oscillatory integrals using van der Corput's method.",
issn="1565-8538",
doi="10.1007/BF02791263",
url="http://dx.doi.org/10.1007/BF02791263"
}

@article{colzani1993equiconvergence,
  title={Equiconvergence theorems for Fourier-Bessel expansions with applications to the harmonic analysis of radial functions in Euclidean and non-Euclidean spaces},
  author={Colzani, Leonardo and Crespi, Antonio and Travaglini, Giancarlo and Vignati, Marco},
  journal={Transactions of the American Mathematical Society},
  volume={338},
  number={1},
  pages={43--55},
  year={1993}
}

@article{wilton1928gibbs,
  title={The Gibbs phenomenon in Fourier-Bessel series},
  author={Wilton, JR},
  journal={J. reine angew. Math},
  volume={159},
  pages={144--153},
  year={1928}
}

@article{NDFT,
 author = {Dutt, A. and Rokhlin, V.},
 title = {Fast Fourier Transforms for Nonequispaced Data},
 journal = {SIAM J. Sci. Comput.},
 issue_date = {Nov. 1993},
 volume = {14},
 number = {6},
 month = nov,
 year = {1993},
 issn = {1064-8275},
 pages = {1368--1393},
 numpages = {26},
 url = {http://dx.doi.org/10.1137/0914081},
 doi = {10.1137/0914081},
 acmid = {163235},
 publisher = {Society for Industrial and Applied Mathematics},
 address = {Philadelphia, PA, USA},
 keywords = {Fourier analysis, approximation theory, fast Fourier transform, interpolation, trigonometric series},
} 


